<record><leader>00000cas a22000007a 4500</leader><controlfield tag="001">19758108</controlfield><controlfield tag="008">890524d19231956mouwr ne      0    0eng d</controlfield><datafield ind1=" " ind2=" " tag="010"><subfield code="a">sn 89066566 </subfield></datafield><datafield ind1=" " ind2=" " tag="040"><subfield code="a">MQN</subfield><subfield code="b">eng</subfield><subfield code="c">MQN</subfield><subfield code="d">NVF</subfield><subfield code="d">OCLCQ</subfield></datafield><datafield ind1=" " ind2=" " tag="042"><subfield code="a">msc</subfield></datafield><datafield ind1="0" ind2=" " tag="130"><subfield code="a">Stewartsville news (Stewartsville, Mo. : 1935)</subfield></datafield><datafield ind1="1" ind2="0" tag="245"><subfield code="a">Stewartsville news.</subfield></datafield><datafield ind1=" " ind2=" " tag="260"><subfield code="a">Stewartsville, DeKalb County, Mo. :</subfield><subfield code="b">Earl W. Kibbey,</subfield><subfield code="c">-1956.</subfield></datafield><datafield ind1=" " ind2=" " tag="300"><subfield code="a">v.</subfield></datafield><datafield ind1=" " ind2=" " tag="310"><subfield code="a">Weekly</subfield></datafield><datafield ind1="1" ind2=" " tag="362"><subfield code="a">Began in 1923?</subfield></datafield><datafield ind1="0" ind2=" " tag="362"><subfield code="a">-v. 33, no. 43 (Nov. 29, 1956).</subfield></datafield><datafield ind1=" " ind2=" " tag="500"><subfield code="a">Coverage includes DeKalb, Clinton, and Buchanan counties.</subfield></datafield><datafield ind1=" " ind2=" " tag="588"><subfield code="a">Description based on: Vol. 12, no. 28 (Sept. 5, 1935).</subfield></datafield><datafield ind1=" " ind2=" " tag="752"><subfield code="a">United States</subfield><subfield code="b">Missouri</subfield><subfield code="c">De Kalb</subfield><subfield code="d">Stewartsville.</subfield></datafield><datafield ind1="0" ind2="4" tag="785"><subfield code="t">Cameron sun and the weekly observer</subfield><subfield code="w">(DLC)sn 89066562</subfield></datafield><datafield ind1="1" ind2=" " tag="029"><subfield code="a">AU@</subfield><subfield code="b">000020555518</subfield></datafield></record>